<record xmlns="http://www.loc.gov/MARC21/slim" xmlns:xsi="http://www.w3.org/2001/XMLSchema-instance" xsi:schemaLocation="http://www.loc.gov/MARC21/slim http://www.loc.gov/standards/marcxml/schema/MARC21slim.xsd"><leader>     nam a22        4500</leader><controlfield tag="001">3063599</controlfield><controlfield tag="003">NNC</controlfield><controlfield tag="006">m        d        </controlfield><controlfield tag="007">cr cn |||m|||a</controlfield><controlfield tag="008">150316s1939    ua      o     000 0 arard</controlfield><datafield ind1=" " ind2=" " tag="040"><subfield code="a">NNU</subfield><subfield code="b">eng</subfield><subfield code="e">rda</subfield><subfield code="c">NNU</subfield></datafield><datafield ind1=" " ind2="4" tag="050"><subfield code="a">BP189</subfield><subfield code="b">.S9</subfield></datafield><datafield ind1="1" ind2=" " tag="100"><subfield code="6">880-01</subfield><subfield code="a">Suhrawardi&#772;, &#699;Umar ibn Muh&#803;ammad,</subfield><subfield code="d">1145-1234.</subfield></datafield><datafield ind1="1" ind2="0" tag="240"><subfield code="6">880-02</subfield><subfield code="a">&#699;Awa&#772;rif al-ma&#699;a&#772;rif</subfield></datafield><datafield ind1="1" ind2="0" tag="245"><subfield code="6">880-03</subfield><subfield code="a">Kita&#772;b &#699;Awa&#772;rif al-ma&#699;a&#772;rif /</subfield><subfield code="c">lil-Ima&#772;m al-Suhrawardi&#772; Abu&#772; H&#803;afs&#803; &#699;Umar ibn Muh&#803;ammad ibn &#699;Abd Alla&#772;h ibn Muh&#803;ammad ibn (&#699;umu&#772;wi&#772;yah) al-S&#803;adi&#772;qi&#772; al-Qurashi&#772; al-Tami&#772;mi&#772; al-Bakri&#772; al-Sha&#772;fi&#699;i&#772; al-mulaqqab bi-Shiha&#772;b al-Di&#772;n.</subfield></datafield><datafield ind1=" " ind2=" " tag="260"><subfield code="a">[Egypt] :</subfield><subfield code="b">al-Maktabah al-&#699;Ala&#772;mi&#772;yah,</subfield><subfield code="c">1939.</subfield></datafield><datafield ind1=" " ind2=" " tag="300"><subfield code="a">online resource (383 pages)</subfield></datafield><datafield ind1=" " ind2=" " tag="336"><subfield code="a">text</subfield><subfield code="2">rdacontent</subfield></datafield><datafield ind1=" " ind2=" " tag="337"><subfield code="a">computer</subfield><subfield code="2">rdamedia</subfield></datafield><datafield ind1=" " ind2=" " tag="338"><subfield code="a">online resource</subfield><subfield code="2">rdacarrier</subfield></datafield><datafield ind1=" " ind2=" " tag="500"><subfield code="a">Part of the Arabic Collections Online (ACO) project, contributed by Columbia University Libraries.</subfield></datafield><datafield ind1=" " ind2=" " tag="533"><subfield code="a">Electronic reproduction.</subfield><subfield code="b">New York, N.Y. :</subfield><subfield code="c">New York University,</subfield><subfield code="d">2015.</subfield><subfield code="5">NNU</subfield></datafield><datafield ind1=" " ind2="0" tag="650"><subfield code="a">Sufism.</subfield></datafield><datafield ind1=" " ind2="7" tag="650"><subfield code="a">Sufism.</subfield><subfield code="2">fast</subfield><subfield code="0">(OCoLC)fst01137257</subfield></datafield><datafield ind1="2" ind2=" " tag="710"><subfield code="a">Columbia University.</subfield><subfield code="b">Libraries.</subfield></datafield><datafield ind1="0" ind2=" " tag="730"><subfield code="a">Arabic Collections Online.</subfield></datafield><datafield ind1="0" ind2="8" tag="776"><subfield code="i">Online version:</subfield><subfield code="a">Suhrawardi&#772;, &#699;Umar ibn Muh&#803;ammad, 1145-1234.</subfield><subfield code="s">&#699;Awa&#772;rif al-ma&#699;a&#772;rif.</subfield><subfield code="t">Kita&#772;b &#699;Awa&#772;rif al-ma&#699;a&#772;rif.</subfield><subfield code="d">[Egypt] : al-Maktabah al-&#699;Ala&#772;mi&#772;yah, 1939</subfield><subfield code="w">(OCoLC)891914450</subfield></datafield><datafield ind1="0" ind2="8" tag="776"><subfield code="i">Print version:</subfield><subfield code="a">Suhrawardi&#772;, &#699;Umar ibn Muh&#803;ammad, 1145-1234.</subfield><subfield code="t">Kita&#772;b &#699;Awa&#772;rif al-ma&#699;a&#772;rif</subfield><subfield code="w">(NNC)3063599</subfield><subfield code="w">(OCoLC)40977747</subfield></datafield><datafield ind1="4" ind2="0" tag="856"><subfield code="u">http://hdl.handle.net/2333.1/x69p8gd6</subfield></datafield><datafield ind1="1" ind2=" " tag="880"><subfield code="6">100-01/r</subfield><subfield code="a">&#8207;&#1587;&#1607;&#1585;&#1608;&#1585;&#1583;&#1610; &#1548; &#1593;&#1605;&#1585; &#1576;&#1606; &#1605;&#1581;&#1605;&#1583;&#1548;&#8207;,</subfield><subfield code="d">&#8207;1145-1234.</subfield></datafield><datafield ind1="1" ind2="0" tag="880"><subfield code="6">240-02/r</subfield><subfield code="a">&#8207;&#1593;&#1608;&#1575;&#1585;&#1601; &#1575;&#1604;&#1605;&#1593;&#1575;&#1585;&#1601;</subfield></datafield><datafield ind1="1" ind2="0" tag="880"><subfield code="6">245-03/r</subfield><subfield code="a">&#8207;&#1603;&#1578;&#1575;&#1576; &#1593;&#1608;&#1575;&#1585;&#1601; &#1575;&#1604;&#1605;&#1593;&#1575;&#1585;&#1601; /&#8207;</subfield><subfield code="c">&#8207;&#1604;&#1604;&#1587;&#1607;&#1585;&#1608;&#1585;&#1583;&#1609; &#1571;&#1576;&#1608; &#1581;&#1601;&#1589; &#1593;&#1605;&#1585; &#1576;&#1606; &#1605;&#1581;&#1605;&#1583; &#1576;&#1606; &#1593;&#1576;&#1583; &#1575;&#1604;&#1604;&#1607; &#1576;&#1606; (&#1593;&#1605;&#1608;&#1610;&#1607;) &#1575;&#1604;&#1589;&#1583;&#1610;&#1602;&#1609; &#1575;&#1604;&#1602;&#1585;&#1588;&#1610; &#1575;&#1604;&#1578;&#1605;&#1610;&#1605;&#1609; &#1575;&#1604;&#1576;&#1603;&#1585;&#1609; &#1575;&#1604;&#1588;&#1575;&#1601;&#1593;&#1609; &#1575;&#1604;&#1605;&#1604;&#1602;&#1576; &#1576;&#1588;&#1607;&#1575;&#1576; &#1575;&#1604;&#1583;&#1610;&#1606;.</subfield></datafield><datafield ind1=" " ind2=" " tag="880"><subfield code="6">260-00/r</subfield><subfield code="a">&#8207;&#1605;&#1589;&#1585; :&#8207;</subfield><subfield code="b">&#8207;&#1575;&#1604;&#1605;&#1603;&#1578;&#1576;&#1577; &#1575;&#1604;&#1593;&#1604;&#1575;&#1605;&#1610;&#1577;&#1548;&#8207;</subfield><subfield code="c">&#8207;1357[1939]</subfield></datafield><datafield ind1=" " ind2=" " tag="959"><subfield code="a">NNU</subfield><subfield code="b">WEB</subfield><subfield code="c">GENI</subfield><subfield code="t">0</subfield><subfield code="m">Electronic access</subfield><subfield code="s">01</subfield></datafield><datafield ind1=" " ind2=" " tag="999"><subfield code="i">NNC_3063599</subfield><subfield code="o">(OCoLC)ocm40977747 </subfield><subfield code="s">columbia_aco000300</subfield><subfield code="e">(ERROR-880)</subfield></datafield></record>